<?xml version="1.0"?>
<marc:records xmlns:marc="http://www.loc.gov/MARC21/slim" xmlns:xsi="http://www.w3.org/2001/XMLSchema-instance" xsi:schemaLocation="http://www.loc.gov/MARC21/slim http://www.loc.gov/standards/marcxml/schema/MARC21slim.xsd">
  <marc:record>
    <marc:leader>03924nam a2200577Ia 4500</marc:leader>
    <marc:controlfield tag="001">9977570026103681</marc:controlfield>
    <marc:controlfield tag="005">20191021082741.0</marc:controlfield>
    <marc:controlfield tag="006">m     o  c        </marc:controlfield>
    <marc:controlfield tag="007">cr#cn|024aaaba</marc:controlfield>
    <marc:controlfield tag="008">190806q15001599ir p          000 0 ara d</marc:controlfield>
    <marc:datafield ind1=" " ind2=" " tag="035">
  <marc:subfield code="a">(OCoLC)1111632167</marc:subfield>
</marc:datafield>
    <marc:datafield ind1=" " ind2=" " tag="035">
  <marc:subfield code="a">(OCoLC)on1111632167</marc:subfield>
</marc:datafield>
    <marc:datafield ind1=" " ind2=" " tag="040">
  <marc:subfield code="a">PAU</marc:subfield>
  <marc:subfield code="b">eng</marc:subfield>
  <marc:subfield code="c">PAU</marc:subfield>
  <marc:subfield code="e">amremm</marc:subfield>
</marc:datafield>
    <marc:datafield ind1=" " ind2="9" tag="099">
  <marc:subfield code="a">Penn Museum 73-14-1</marc:subfield>
</marc:datafield>
    <marc:datafield ind1="0" ind2=" " tag="130">
  <marc:subfield code="a">Qur&#x2BC;an.</marc:subfield>
</marc:datafield>
    <marc:datafield ind1="1" ind2="4" tag="245">
  <marc:subfield code="6">880-01</marc:subfield>
  <marc:subfield code="a">[al-Qur&#x2BC;a&#x304;n]</marc:subfield>
  <marc:subfield code="h">[electronic resource].</marc:subfield>
</marc:datafield>
    <marc:datafield ind1=" " ind2=" " tag="260">
  <marc:subfield code="a">[Iran?],</marc:subfield>
  <marc:subfield code="c">[between 1500 and 1599?]</marc:subfield>
</marc:datafield>
    <marc:datafield ind1=" " ind2=" " tag="300">
  <marc:subfield code="a">1 online resource (376 unfoliated leaves) :</marc:subfield>
  <marc:subfield code="b">illuminations.</marc:subfield>
</marc:datafield>
    <marc:datafield ind1=" " ind2=" " tag="500">
  <marc:subfield code="a">Titles supplied by cataloger.</marc:subfield>
</marc:datafield>
    <marc:datafield ind1=" " ind2=" " tag="500">
  <marc:subfield code="a">Foliation: Leaves are unfoliated; catchwords every verso, lower left (some have been trimmed)</marc:subfield>
</marc:datafield>
    <marc:datafield ind1=" " ind2=" " tag="500">
  <marc:subfield code="a">Layout: Written in 12 long lines.</marc:subfield>
</marc:datafield>
    <marc:datafield ind1=" " ind2=" " tag="500">
  <marc:subfield code="a">Script: Written in naskh in black ink; pointed and vocalized.</marc:subfield>
</marc:datafield>
    <marc:datafield ind1=" " ind2=" " tag="500">
  <marc:subfield code="a">Decoration: Dual-page illuminated first opening in gold and blue with the text on contoured bands with tiny, blue vine and leaf fill (f. [1]v-[2]r); several different types of marginal medallions to show text divisions and verse count primarily in gold and blue with red and green additions and with blue finials extending as radiant lines; su&#x304;rah titles in white on gold ground with a delicate, black, curving vine and leaf design border-ruled in green and blue or red and blue; gold roundels lined in blue with red centers mark verse endings; textblock is border-ruled in red, green, gold and blue; readings in red.</marc:subfield>
</marc:datafield>
    <marc:datafield ind1=" " ind2=" " tag="500">
  <marc:subfield code="a">Binding: Bound in black leather over pasteboard covers (detached) with faint, blind-tooled frame of double lines set 20 mm apart.</marc:subfield>
</marc:datafield>
    <marc:datafield ind1=" " ind2=" " tag="500">
  <marc:subfield code="a">Origin: Item is undated, perhaps copied in the 16th century.</marc:subfield>
</marc:datafield>
    <marc:datafield ind1=" " ind2=" " tag="500">
  <marc:subfield code="a">Dimensions of original manuscript: 230 x 155 (126 x 70) mm bound to 230 x 154 mm.</marc:subfield>
</marc:datafield>
    <marc:datafield ind1=" " ind2=" " tag="500">
  <marc:subfield code="a">Laid, non-European paper; no visible chain lines.</marc:subfield>
</marc:datafield>
    <marc:datafield ind1=" " ind2=" " tag="500">
  <marc:subfield code="a">A scrap of printed fabric and a feather laid in.</marc:subfield>
</marc:datafield>
    <marc:datafield ind1=" " ind2=" " tag="520">
  <marc:subfield code="a">Illuminated copy of the Qur&#x2BC;a&#x304;n; some leaves torn and loose; boards are detached; some of the border-rules have eaten through the paper.</marc:subfield>
</marc:datafield>
    <marc:datafield ind1=" " ind2=" " tag="524">
  <marc:subfield code="a">University of Pennsylvania Museum of Archaeology and Anthropology 73-14-1</marc:subfield>
</marc:datafield>
    <marc:datafield ind1=" " ind2=" " tag="533">
  <marc:subfield code="a">Electronic reproduction.</marc:subfield>
  <marc:subfield code="b">Philadelphia, Pa. :</marc:subfield>
  <marc:subfield code="c">University of Pennsylvania Libraries,</marc:subfield>
  <marc:subfield code="d">2019.</marc:subfield>
</marc:datafield>
    <marc:datafield ind1=" " ind2=" " tag="534">
  <marc:subfield code="p">Original:</marc:subfield>
  <marc:subfield code="t">[Qur&#x2BC;a&#x304;n] (73-14-1),</marc:subfield>
  <marc:subfield code="l">University of Pennsylvania Museum of Archaeology and Anthropology.</marc:subfield>
</marc:datafield>
    <marc:datafield ind1=" " ind2=" " tag="538">
  <marc:subfield code="a">Mode of access: World Wide Web.</marc:subfield>
</marc:datafield>
    <marc:datafield ind1="1" ind2=" " tag="541">
  <marc:subfield code="a">Gift of Jesse H. Holmes, Jr. in 1973.</marc:subfield>
</marc:datafield>
    <marc:datafield ind1=" " ind2=" " tag="546">
  <marc:subfield code="a">Arabic.</marc:subfield>
</marc:datafield>
    <marc:datafield ind1="1" ind2=" " tag="561">
  <marc:subfield code="a">Formerly owned by Muh&#x323;ammad S&#x323;a&#x304;lih&#x323; Chalabi&#x304; ibn &#x2BB;Abd al-Wahha&#x304;b Chalabi&#x304; Barzali&#x304;&#x2B9;za&#x304;dah (note f. [377]v).</marc:subfield>
</marc:datafield>
    <marc:datafield ind1=" " ind2="0" tag="650">
  <marc:subfield code="a">Illumination of books and manuscripts</marc:subfield>
  <marc:subfield code="v">Specimens.</marc:subfield>
</marc:datafield>
    <marc:datafield ind1=" " ind2="7" tag="655">
  <marc:subfield code="a">Fascimiles.</marc:subfield>
  <marc:subfield code="2">aat</marc:subfield>
</marc:datafield>
    <marc:datafield ind1=" " ind2="7" tag="655">
  <marc:subfield code="a">Qur&#x2BC;ans.</marc:subfield>
  <marc:subfield code="2">aat</marc:subfield>
</marc:datafield>
    <marc:datafield ind1=" " ind2="7" tag="655">
  <marc:subfield code="a">Illuminations (painting)</marc:subfield>
  <marc:subfield code="2">aat</marc:subfield>
</marc:datafield>
    <marc:datafield ind1=" " ind2="0" tag="655">
  <marc:subfield code="a">Manuscripts, Arabic.</marc:subfield>
</marc:datafield>
    <marc:datafield ind1=" " ind2="0" tag="655">
  <marc:subfield code="a">Manuscripts, 16th century.</marc:subfield>
</marc:datafield>
    <marc:datafield ind1="1" ind2=" " tag="700">
  <marc:subfield code="6">880-02</marc:subfield>
  <marc:subfield code="a">Barzali&#x304;&#x2B9;za&#x304;dah, Muh&#x323;ammad S&#x323;a&#x304;lih&#x323; Chalabi&#x304;,</marc:subfield>
  <marc:subfield code="e">former owner.</marc:subfield>
</marc:datafield>
    <marc:datafield ind1="1" ind2=" " tag="700">
  <marc:subfield code="a">Holmes, Jesse H.,</marc:subfield>
  <marc:subfield code="c">Jr.,</marc:subfield>
  <marc:subfield code="d">active 1973,</marc:subfield>
  <marc:subfield code="e">former owner</marc:subfield>
</marc:datafield>
    <marc:datafield ind1=" " ind2=" " tag="852">
  <marc:subfield code="b">University of Pennsylvania Museum of Archaeology and Anthropology</marc:subfield>
  <marc:subfield code="a">University of Pennsylvania</marc:subfield>
  <marc:subfield code="j">Penn Museum 73-14-1</marc:subfield>
</marc:datafield>
    <marc:datafield ind1="4" ind2="1" tag="856">
  <marc:subfield code="z">Digital facsimile in OPenn</marc:subfield>
  <marc:subfield code="u">http://openn.library.upenn.edu/Data/0016/html/73_14_1.html</marc:subfield>
</marc:datafield>
    <marc:datafield ind1="1" ind2="3" tag="880">
  <marc:subfield code="6">245-01//r</marc:subfield>
  <marc:subfield code="a">[&#x627;&#x644;&#x642;&#x631;&#x622;&#x646;]</marc:subfield>
  <marc:subfield code="h">[electronic resource].</marc:subfield>
</marc:datafield>
    <marc:datafield ind1="1" ind2=" " tag="880">
  <marc:subfield code="6">700-02//r</marc:subfield>
  <marc:subfield code="a">&#x628;&#x631;&#x632;&#x644;&#x649;&#x200C;&#x632;&#x200C;&#x627;&#x62F;&#x647;&#x60C; &#x645;&#x62D;&#x645;&#x62F; &#x635;&#x627;&#x644;&#x62D; &#x686;&#x644;&#x628;&#x649;&#x60C;</marc:subfield>
  <marc:subfield code="e">former owner.</marc:subfield>
</marc:datafield>
    <marc:datafield ind1=" " ind2=" " tag="948">
  <marc:subfield code="h">HELD BY PAU - 0 OTHER HOLDINGS</marc:subfield>
</marc:datafield>
    <marc:datafield ind1=" " ind2=" " tag="994">
  <marc:subfield code="a">Z0</marc:subfield>
  <marc:subfield code="b">PAU</marc:subfield>
</marc:datafield>
    <marc:datafield ind1=" " ind2=" " tag="996">
  <marc:subfield code="a">hinge-right</marc:subfield>
</marc:datafield>
    <marc:holdings>
      <marc:holding>
        <marc:holding_id>22597268830003681</marc:holding_id>
        <marc:call_number>Penn Museum 73-14-1</marc:call_number>
        <marc:library>KislakCntr</marc:library>
        <marc:location>scmsw</marc:location>
      </marc:holding>
    </marc:holdings>
  </marc:record>
</marc:records>
